<record><leader>00000cas a22000007a 4500</leader><controlfield tag="001">1537475</controlfield><controlfield tag="008">750812d18981937mnucr ne      0    0eng d</controlfield><datafield ind1=" " ind2=" " tag="010"><subfield code="a">sn 89064944 </subfield></datafield><datafield ind1=" " ind2=" " tag="040"><subfield code="a">MUL</subfield><subfield code="b">eng</subfield><subfield code="c">MUL</subfield><subfield code="d">OCL</subfield><subfield code="d">MN#</subfield><subfield code="d">OCLCQ</subfield><subfield code="d">OCLCF</subfield><subfield code="d">OCLCO</subfield></datafield><datafield ind1="1" ind2=" " tag="029"><subfield code="a">AU@</subfield><subfield code="b">000025865460</subfield></datafield><datafield ind1=" " ind2=" " tag="042"><subfield code="a">msc</subfield></datafield><datafield ind1=" " ind2=" " tag="043"><subfield code="a">n-us-mn</subfield></datafield><datafield ind1=" " ind2=" " tag="052"><subfield code="a">4144</subfield><subfield code="b">N4</subfield></datafield><datafield ind1=" " ind2=" " tag="052"><subfield code="a">4143</subfield><subfield code="b">B7</subfield></datafield><datafield ind1="0" ind2=" " tag="130"><subfield code="a">Brown County journal (New Ulm, Minn.)</subfield></datafield><datafield ind1="0" ind2="0" tag="245"><subfield code="a">Brown County journal.</subfield></datafield><datafield ind1=" " ind2=" " tag="260"><subfield code="a">New Ulm, Brown County, Minn. :</subfield><subfield code="b">Phillip Liesch,</subfield><subfield code="c">1898-1937.</subfield></datafield><datafield ind1=" " ind2=" " tag="300"><subfield code="a">39 v.</subfield></datafield><datafield ind1=" " ind2=" " tag="310"><subfield code="a">Semiweekly,</subfield><subfield code="b">May 24, 1937-July 29, 1937</subfield></datafield><datafield ind1=" " ind2=" " tag="321"><subfield code="a">Weekly,</subfield><subfield code="b">Oct. 15, 1898-May 21, 1937</subfield></datafield><datafield ind1="0" ind2=" " tag="362"><subfield code="a">Vol. 1, no. 1 (Oct. 15, 1898)-v. 39, no. 56 (July 29, 1937).</subfield></datafield><datafield ind1=" " ind2=" " tag="530"><subfield code="a">Available on microfilm from the Minnesota Historical Society.</subfield></datafield><datafield ind1=" " ind2="0" tag="651"><subfield code="a">New Ulm (Minn.)</subfield><subfield code="v">Newspapers.</subfield></datafield><datafield ind1=" " ind2="7" tag="655"><subfield code="a">Newspapers.</subfield><subfield code="2">fast</subfield><subfield code="0">(OCoLC)fst01423814</subfield></datafield><datafield ind1=" " ind2="7" tag="651"><subfield code="a">Minnesota</subfield><subfield code="z">New Ulm.</subfield><subfield code="2">fast</subfield><subfield code="0">(OCoLC)fst01210141</subfield></datafield><datafield ind1=" " ind2=" " tag="752"><subfield code="a">United States</subfield><subfield code="b">Minnesota</subfield><subfield code="c">Brown</subfield><subfield code="d">New Ulm.</subfield></datafield><datafield ind1="0" ind2="0" tag="785"><subfield code="t">New Ulm daily journal and the Brown county journal</subfield><subfield code="w">(DLC)sn 83016830</subfield></datafield></record>